@Article{Abe83,
  Title                    = {Whitehead groups of {C}hevalley groups over polynomial rings},
  Author                   = {Abe, Eiichi},
  Journal                  = {Comm. Algebra},
  Year                     = {1983},
  Number                   = {12},
  Pages                    = {1271-1307},
  Volume                   = {11},
  Doi                      = {10.1080/00927878308822906}}
  
@book{BHS11,
  title                    = {Nonabelian algebraic topology},
  author                   = {Brown, Ronald and Higgins, Philip J and Sivera, Rafael},
  series                   = {EMS Tracts in Mathematics},
  volume                   = {15},
  year                     = {2011}}  
  
@book{HOM,
  Title			   = {The classical groups and $K$-theory},
  Author		   = {Hahn, Alexander J. and O'Meara, Timothy},
  Year			   = {1989},
  Publisher		   = {Springer}}    
          
@Article{Ka77,
  Title	                   = {Another presentation for {S}teinberg groups},
  Author                   = {\VAN{Kallen}{van~der} Kallen, Wilberd},
  Journal                  = {Indag. Math.},
  Volume                   = {80},
  Number                   = {4},
  Pages                    = {304--312},
  Year                     = {1977},
  Doi                      = {10.1016/1385-7258(77)90026-9}} 

@Book{Lam10,
  Title                    = {Serre's problem on projective modules},
  Author                   = {Lam, Tsit-Yuen},
  Publisher                = {Springer Science \& Business Media},
  Year                     = {2010},
  Doi                      = {10.1007/978-3-540-34575-6}} 
  
@online{La15,
  Title                    = {Local-global principle for symplectic $K_2$},
  Author                   = {Lavrenov, Andrei},
  Year                     = {2015}} 
  
@Article{LS17,
  Title                    = {Centrality of odd orthogonal $\K_2$},
  Author                   = {Lavrenov, A. and Sinchuk, S.}, 
  Journal                  = {J. Pure Appl. Alg.},
  Volume                   = {221},
  Year                     = {2017},
  Pages                    = {1134--1145}}
  
@online{Re75,
  Title                    = {Pr\"asentationen von Chevalleygruppen \"uber $k[t]$},
  Author                   = {Rehmann, Ulf},    
  Year                     = {1975},  
  Url                      = {http://www.math.uni-bielefeld.de/~rehmann/Publ/praesentation.pdf}}
  
@Inproceedings{RS76,
  Title                    = {Finitely presented groups of matrices},
  Author                   = {Rehmann, Ulf and Soul{\'e}, Christophe},
  Booktitle                = {Algebraic K-Theory},
  Publisher                = {Springer},
  Year                     = {1976},
  Pages                    = {164--169},
  Series                   = {Lect. Notes. Math.},
  Volume                   = {551},
  Doi                      = {10.1007/BFb0079999}}  
  
@Article{S15,
  Title                    = {On centrality of $K_2$ for {C}hevalley groups of type $\mathsf{E}_\ell$ },
  Author                   = {Sinchuk, Sergey},
  Journal                  = {J. Pure Appl. Algebra},
  Year                     = {2016},
  Number                   = {2},
  Pages                    = {857--875},
  Volume                   = {220},
  Doi                      = {10.1016/j.jpaa.2015.08.003}}   
  
@Article{St-poly,
  Title                    = {Homotopy invariance of non-stable $K_1$-functors},
  Author                   = {Stavrova, Anastasia},
  Journal                  = {J. K-theory},
  Year                     = {2014},
  Number                   = {2},
  Pages                    = {199--248},
  Volume                   = {13},
  Doi                      = {10.1017/is013006012jkt232}}
  
@Article{St-serr,
  Title                    = {Non-stable $K_1$-functors of multiloop groups},
  Author                   = {Stavrova, Anastasia},
  Journal                  = {Canad. J. Math.},
  Year                     = {2014},
  Doi                      = {10.4153/CJM-2015-035-2}}
  
@Book{St67,  
  Title			   = {Lectures on Chevalley groups},
  Author		   = {Steinberg, Robert and Faulkner, John and Wilson, Robert},
  Year			   = {1967},
  Publisher		   = {Yale University New Haven}}
  
@Article{Ste73,
  Title                    = {Surjective stability in dimension 0 for $K_2$ and related functors},
  Author                   = {Stein, Michael R.},
  Journal                  = {Trans. Amer. Math. Soc.},
  Year                     = {1973},
  Month                    = {April},
  Pages                    = {165--191},
  Volume                   = {178},
  Doi                      = {10.2307/1996696}}
  
@Article{Su77,
  Title                    = {On the structure of the special linear group over commutative rings},
  Author                   = {Suslin, Andrei},
  Journal                  = {Math. USSR Izv.},
  Year                     = {1977},
  Pages                    = {221--238},
  Volume                   = {11},
  Doi                      = {10.1070/IM1977v011n02ABEH001709}}
   
@Article{Tu83,
  Title                    = {The {S}teinberg group of a polynomial ring},
  Author                   = {Tulenbaev, Marat},
  Journal                  = {Math. USSR Sb.},
  Year                     = {1983},
  Pages                    = {131--144},
  Volume                   = {45},
  Doi                      = {10.1070/SM1983v045n01ABEH002591}} 
  
@Book{Kbook,
  Title			   = {The $K$-book: An introduction to algebraic $K$-theory},
  Author		   = {Weibel, Charles A},
  Volume		   = {145},
  Year			   = {2013},
  Publishe		   = {Amer. Math. Soc.}}
  
@Article{Vav09,
  Title                    = {Weight elements of Chevalley groups},
  Author                   = {Vavilov, Nikolai},
  Journal                  = {St. Petersburg Math. J.},
  Year                     = {2009},
  Number                   = {1},
  Pages                    = {23--57},
  Volume                   = {20},
  Doi                      = {10.1090/S1061-0022-08-01036-4}}
  
@Article{We14,
  Title                    = {On homology of linear groups over $k[t]$},
  Author                   = {Wendt, Matthias},
  Journal                  = {Math. Res. Lett.},
  Year                     = {2014},
  Number                   = {6},
  Volume                   = {21},
  Doi                      = {10.4310/MRL.2014.v21.n6.a15}}  

@Article{Ma69,
  title                    = {Sur les sous-groupes arithmetiques des groupes semi-simple deployes},
  author                   = {Matsumoto, H.},
  journal                  = {Ann. Sci. ENS},
  year                     = {1969},
  number                   = {1},
  pages                    = {1--62},
  volume                   = {2},
  url                      = {http://eudml.org/doc/81843}}
